<collection xmlns="http://www.loc.gov/MARC21/slim">
<record>
  <leader>01455nam0a2200277 i 450 </leader>
  <controlfield tag="001">IT\ICCU\CNCE\031576</controlfield>
  <controlfield tag="005">20071128000000.0</controlfield>
  <datafield tag="012" ind1=" " ind2=" ">
    <subfield code="a">g-ce ,&amp;m, i.a, zaha (3) 1576 (A)</subfield>
    <subfield code="2">fei</subfield>
  </datafield>
  <datafield tag="100" ind1=" " ind2=" ">
    <subfield code="a">19971204d1576        0itac0103    ba</subfield>
  </datafield>
  <datafield tag="101" ind1=" " ind2=" ">
    <subfield code="a">ITA</subfield>
    <subfield code="a">LAT</subfield>
  </datafield>
  <datafield tag="102" ind1=" " ind2=" ">
    <subfield code="a">IT</subfield>
  </datafield>
  <datafield tag="200" ind1="1" ind2=" ">
    <subfield code="a">Noue deprecationi ouero centone, de salmi di Dauid, et da quelli estratte, nel proprio ordine salmistico latino, come sono state dal profeta descritte, &amp; quelle poi a satisfattione del pio lettore tradotte in volgare. Con altre orationi diuote</subfield>
  </datafield>
  <datafield tag="210" ind1=" " ind2=" ">
    <subfield code="a">In Vinetia</subfield>
    <subfield code="c">appresso Iacobo Simbeni</subfield>
    <subfield code="d">1576</subfield>
  </datafield>
  <datafield tag="215" ind1=" " ind2=" ">
    <subfield code="a">118, \2! p.</subfield>
    <subfield code="d">8ʻ</subfield>
  </datafield>
  <datafield tag="620" ind1=" " ind2=" ">
    <subfield code="a">IT</subfield>
    <subfield code="d">Venezia</subfield>
  </datafield>
  <datafield tag="712" ind1="0" ind2="0">
    <subfield code="a">Simbeni, Giacomo</subfield>
    <subfield code="3">IT\ICCU\CNCT\001106</subfield>
    <subfield code="4">650</subfield>
  </datafield>
  <datafield tag="791" ind1="0" ind2="0">
    <subfield code="a">Simbenus, Iacobus</subfield>
    <subfield code="3">IT\ICCU\CNCT\005668</subfield>
    <subfield code="z">Simbeni, Giacomo</subfield>
  </datafield>
  <datafield tag="791" ind1="0" ind2="0">
    <subfield code="a">Simbenius, Iacobus</subfield>
    <subfield code="3">IT\ICCU\CNCT\005669</subfield>
    <subfield code="z">Simbeni, Giacomo</subfield>
  </datafield>
  <datafield tag="791" ind1="0" ind2="0">
    <subfield code="a">Symbaenus, Iacobus</subfield>
    <subfield code="3">IT\ICCU\CNCT\005670</subfield>
    <subfield code="z">Simbeni, Giacomo</subfield>
  </datafield>
  <datafield tag="801" ind1=" " ind2="3">
    <subfield code="a">IT</subfield>
    <subfield code="b">ICCU</subfield>
    <subfield code="c">20201114</subfield>
  </datafield>
  <datafield tag="899" ind1=" " ind2=" ">
    <subfield code="a">Biblioteca nazionale centrale. Firenze</subfield>
    <subfield code="1">FI0098</subfield>
    <subfield code="2">CFI CF</subfield>
  </datafield>
  <datafield tag="899" ind1=" " ind2=" ">
    <subfield code="a">Biblioteca comunale Augusta. Perugia</subfield>
    <subfield code="1">PG0109</subfield>
    <subfield code="2">UM1 01</subfield>
  </datafield>
  <datafield tag="899" ind1=" " ind2=" ">
    <subfield code="a">Biblioteca universitaria Alessandrina. Roma</subfield>
    <subfield code="1">RM0280</subfield>
    <subfield code="2">RML 01</subfield>
  </datafield>
  <datafield tag="899" ind1=" " ind2=" ">
    <subfield code="a">Biblioteca nazionale Marciana. Venezia</subfield>
    <subfield code="1">VE0049</subfield>
    <subfield code="2">VEA BM</subfield>
  </datafield>
  <datafield tag="911" ind1=" " ind2=" ">
    <subfield code="a">Sul front.</subfield>
    <subfield code="9">IT\ICCU\CNCM\000141</subfield>
  </datafield>
  <datafield tag="921" ind1=" " ind2=" ">
    <subfield code="a">IT\ICCU\CNCM\000141</subfield>
    <subfield code="b">Gru che tiene un sasso nella zampa. In cornice figurata</subfield>
    <subfield code="e">Vigilat nec fatiscit.</subfield>
    <subfield code="c">Q22</subfield>
    <subfield code="c">V184</subfield>
    <subfield code="c">Z712</subfield>
    <subfield code="d">Dimensioni: 3,5 x 4</subfield>
    <subfield code="f">GRU</subfield>
    <subfield code="f">SASSO</subfield>
    <subfield code="f">VIGILATNEC</subfield>
    <subfield code="g">1568-1599</subfield>
  </datafield>
</record>
</collection>
